%YAML 1.1
%TAG !u! tag:unity3d.com,2011:
--- !u!243 &-5894149187705391805
AudioMixerGroupController:
  m_ObjectHideFlags: 0
  m_CorrespondingSourceObject: {fileID: 0}
  m_PrefabInstance: {fileID: 0}
  m_PrefabAsset: {fileID: 0}
  m_Name: Voice
  m_AudioMixer: {fileID: 24100000}
  m_GroupID: 2197d5cf41ce11b4a8db312e97f6e769
  m_Children: []
  m_Volume: f96b4570737b093469e7ef5f73a32a51
  m_Pitch: fef72ab00214a8a4ab6e7f671ec52b99
  m_Send: 00000000000000000000000000000000
  m_Effects:
  - {fileID: -1374856292346955943}
  m_UserColorIndex: 0
  m_Mute: 0
  m_Solo: 0
  m_BypassEffects: 0
--- !u!244 &-4191370861174206006
AudioMixerEffectController:
  m_ObjectHideFlags: 3
  m_CorrespondingSourceObject: {fileID: 0}
  m_PrefabInstance: {fileID: 0}
  m_PrefabAsset: {fileID: 0}
  m_Name: 
  m_EffectID: 634be8b0a9c00994384138bb15d3f624
  m_EffectName: Attenuation
  m_MixLevel: 49de17ffcd3d05f4c98c784154db94ce
  m_Parameters: []
  m_SendTarget: {fileID: 0}
  m_EnableWetMix: 0
  m_Bypass: 0
--- !u!243 &-3380477638502828608
AudioMixerGroupController:
  m_ObjectHideFlags: 0
  m_CorrespondingSourceObject: {fileID: 0}
  m_PrefabInstance: {fileID: 0}
  m_PrefabAsset: {fileID: 0}
  m_Name: UI
  m_AudioMixer: {fileID: 24100000}
  m_GroupID: 88456a0c9a08f60468c27b0b183a1101
  m_Children: []
  m_Volume: da0d72e40a959a44fb8c87ec0fc8178c
  m_Pitch: bd0b410f35c049141bcbd356cf438e43
  m_Send: 00000000000000000000000000000000
  m_Effects:
  - {fileID: 1744347169962536286}
  m_UserColorIndex: 0
  m_Mute: 0
  m_Solo: 0
  m_BypassEffects: 0
--- !u!244 &-1374856292346955943
AudioMixerEffectController:
  m_ObjectHideFlags: 3
  m_CorrespondingSourceObject: {fileID: 0}
  m_PrefabInstance: {fileID: 0}
  m_PrefabAsset: {fileID: 0}
  m_Name: 
  m_EffectID: f95d9eabb075e4043babcb3881e2243a
  m_EffectName: Attenuation
  m_MixLevel: cfc77fe17553cf94eb82a5d7b5c7b35a
  m_Parameters: []
  m_SendTarget: {fileID: 0}
  m_EnableWetMix: 0
  m_Bypass: 0
--- !u!245 &-1147901077983035468
AudioMixerSnapshotController:
  m_ObjectHideFlags: 0
  m_CorrespondingSourceObject: {fileID: 0}
  m_PrefabInstance: {fileID: 0}
  m_PrefabAsset: {fileID: 0}
  m_Name: BG Only
  m_AudioMixer: {fileID: 24100000}
  m_SnapshotID: e5c110771fb793b4fbf820717202b923
  m_FloatValues:
    f96b4570737b093469e7ef5f73a32a51: -0.10231405
    c7728cc0f3a6d6747849550174fdde4a: -80
    8a0003b2b02e43e45b442380ffe8eeb0: 0
    da0d72e40a959a44fb8c87ec0fc8178c: -80
    f79a32454e0eb15479f9deeb2cd056cb: 0.805
    fe28df468cce829429550d6a84682c61: 0.724
    65c92056af48c1943a5dd7ac0ee3fd43: 5.45
    910a09d6369feaf46819b33a521b27de: 0.711
    8084a5777a573d9428b356d85365b7fa: 0.38
    23b5dca7feeb8774e83107116146a2a9: 0.729
    6650c1b7d1f508e468e8bd8b7b3ed123: 0.159
    91a2f96cbf39bfb41b8f19114790f300: -19.1
    b5befebe960e2ee44bc4822b217cbfe3: 76
  m_TransitionOverrides: {}
--- !u!244 &-620463914246404288
AudioMixerEffectController:
  m_ObjectHideFlags: 3
  m_CorrespondingSourceObject: {fileID: 0}
  m_PrefabInstance: {fileID: 0}
  m_PrefabAsset: {fileID: 0}
  m_Name: 
  m_EffectID: f8d7c49e2264dae41949b55bc86d9f66
  m_EffectName: Attenuation
  m_MixLevel: ec410e8925be94846acd4b93cc64b5ca
  m_Parameters: []
  m_SendTarget: {fileID: 0}
  m_EnableWetMix: 0
  m_Bypass: 0
--- !u!243 &-114987936263641872
AudioMixerGroupController:
  m_ObjectHideFlags: 0
  m_CorrespondingSourceObject: {fileID: 0}
  m_PrefabInstance: {fileID: 0}
  m_PrefabAsset: {fileID: 0}
  m_Name: BG
  m_AudioMixer: {fileID: 24100000}
  m_GroupID: 53e89b6667310b8449c7ed856fe9cc74
  m_Children: []
  m_Volume: 91a2f96cbf39bfb41b8f19114790f300
  m_Pitch: c42da3742c2ef0f4c93ac1d200eb1afc
  m_Send: 00000000000000000000000000000000
  m_Effects:
  - {fileID: -620463914246404288}
  m_UserColorIndex: 0
  m_Mute: 0
  m_Solo: 0
  m_BypassEffects: 0
--- !u!241 &24100000
AudioMixerController:
  m_ObjectHideFlags: 0
  m_CorrespondingSourceObject: {fileID: 0}
  m_PrefabInstance: {fileID: 0}
  m_PrefabAsset: {fileID: 0}
  m_Name: DemoMixer
  m_OutputGroup: {fileID: 0}
  m_MasterGroup: {fileID: 24300002}
  m_Snapshots:
  - {fileID: 24500006}
  - {fileID: 3466707248069470267}
  - {fileID: -1147901077983035468}
  - {fileID: 2210343167196868139}
  - {fileID: 1352730035384248040}
  m_StartSnapshot: {fileID: 24500006}
  m_SuspendThreshold: -80
  m_EnableSuspend: 1
  m_UpdateMode: 0
  m_ExposedParameters:
  - guid: 91a2f96cbf39bfb41b8f19114790f300
    name: BGVolume
  - guid: 8a0003b2b02e43e45b442380ffe8eeb0
    name: MasterVolume
  m_AudioMixerGroupViews:
  - guids:
    - 2b9bb731b120ba84fa85693da130ee0c
    - 53e89b6667310b8449c7ed856fe9cc74
    - 88456a0c9a08f60468c27b0b183a1101
    - 87acd62ac22873343b11e561a683b221
    - 2197d5cf41ce11b4a8db312e97f6e769
    - 6699280e327d25745a626d2f3a229774
    name: View
  m_CurrentViewIndex: 0
  m_TargetSnapshot: {fileID: 1352730035384248040}
--- !u!243 &24300002
AudioMixerGroupController:
  m_ObjectHideFlags: 0
  m_CorrespondingSourceObject: {fileID: 0}
  m_PrefabInstance: {fileID: 0}
  m_PrefabAsset: {fileID: 0}
  m_Name: Master
  m_AudioMixer: {fileID: 24100000}
  m_GroupID: 2b9bb731b120ba84fa85693da130ee0c
  m_Children:
  - {fileID: -114987936263641872}
  - {fileID: 5920819194863094397}
  - {fileID: -3380477638502828608}
  - {fileID: -5894149187705391805}
  - {fileID: 8042784053186216479}
  m_Volume: 8a0003b2b02e43e45b442380ffe8eeb0
  m_Pitch: 1dd767c8b5425634b9107aa898fb8653
  m_Send: 00000000000000000000000000000000
  m_Effects:
  - {fileID: 24400004}
  m_UserColorIndex: 0
  m_Mute: 0
  m_Solo: 0
  m_BypassEffects: 0
--- !u!244 &24400004
AudioMixerEffectController:
  m_ObjectHideFlags: 3
  m_CorrespondingSourceObject: {fileID: 0}
  m_PrefabInstance: {fileID: 0}
  m_PrefabAsset: {fileID: 0}
  m_Name: 
  m_EffectID: ec96b6ff8df4b8a49bad7b68d595843b
  m_EffectName: Attenuation
  m_MixLevel: 795d4709b3c902e4badb101135e89a56
  m_Parameters: []
  m_SendTarget: {fileID: 0}
  m_EnableWetMix: 0
  m_Bypass: 0
--- !u!245 &24500006
AudioMixerSnapshotController:
  m_ObjectHideFlags: 0
  m_CorrespondingSourceObject: {fileID: 0}
  m_PrefabInstance: {fileID: 0}
  m_PrefabAsset: {fileID: 0}
  m_Name: Open
  m_AudioMixer: {fileID: 24100000}
  m_SnapshotID: 365a930be9cecc84bb7c50d7fd862c88
  m_FloatValues:
    59e81802aa4ce6141bde7cb1d07fbfcb: 0.387
    14ea8542e7a2b424581d76488749cee6: -0.427
    4f2f0e42de2f4cf4ea1cdd681f75693d: 11.13
    7a979592542f1504fb8624531ed7f96a: 0.465
    8a0003b2b02e43e45b442380ffe8eeb0: 0
    a86548430d18d2543a97f0c9c89115a1: 0.699
    c5e242149b828634292b72f193f38d55: 396
    e3c7c0154cf9bf042bd2427d99a583db: 0.97
    f79a32454e0eb15479f9deeb2cd056cb: 0.805
    fe28df468cce829429550d6a84682c61: 0.724
    65c92056af48c1943a5dd7ac0ee3fd43: 5.45
    910a09d6369feaf46819b33a521b27de: 0.711
    8084a5777a573d9428b356d85365b7fa: 0.38
    23b5dca7feeb8774e83107116146a2a9: 0.729
    6650c1b7d1f508e468e8bd8b7b3ed123: 0.159
    583e9378bc1734944b14c8f8c725d2ce: 0.208
    7dcdb378d5222e84a816f63717f79f65: 11.54
    a39c83b86a177e94c8780f73e2510e43: 0.699
    573e35b856d721c42ac3ef7eed066d1d: 0.723
    271a0f191afb16d4eb022b85600d0b66: -811
    24ea93b91e95f7947ac1ff3e2d2ad6b9: 0.522
    f4bfae0b0c60a0b41a059c0982e601bb: 0.655
    f0441beb871feba4ca63c5df8405966f: 135
    6e69db0cb9effc24fb93cd891a7fd050: -5634
    d883e65c9099a2044a60b994c198c61b: 51.5
    91a2f96cbf39bfb41b8f19114790f300: 0
    b26c647cd856d1f44a0cff2ae230f7f4: 0.746
    5ce4474d03f84b94b9e768c67e1d4aed: 0.616
    73d13d4dc074b96459609e711d4b6164: 3.53
    af55e48db7e2c8c478fbe588103c9dd8: 21.1
    b5befebe960e2ee44bc4822b217cbfe3: 76
    68bab37f9c3998146889d1a5ece382d9: 0.684
  m_TransitionOverrides: {}
--- !u!245 &1352730035384248040
AudioMixerSnapshotController:
  m_ObjectHideFlags: 0
  m_CorrespondingSourceObject: {fileID: 0}
  m_PrefabInstance: {fileID: 0}
  m_PrefabAsset: {fileID: 0}
  m_Name: InRoom
  m_AudioMixer: {fileID: 24100000}
  m_SnapshotID: 8a512f20e7bd7164c9e0af2ddef92d28
  m_FloatValues:
    59e81802aa4ce6141bde7cb1d07fbfcb: 0.387
    14ea8542e7a2b424581d76488749cee6: -0.427
    4f2f0e42de2f4cf4ea1cdd681f75693d: 11.13
    7a979592542f1504fb8624531ed7f96a: 0.465
    8a0003b2b02e43e45b442380ffe8eeb0: 0
    a86548430d18d2543a97f0c9c89115a1: 0.699
    c5e242149b828634292b72f193f38d55: 396
    e3c7c0154cf9bf042bd2427d99a583db: 0.97
    f79a32454e0eb15479f9deeb2cd056cb: 0.805
    fe28df468cce829429550d6a84682c61: 0.724
    65c92056af48c1943a5dd7ac0ee3fd43: 5.45
    910a09d6369feaf46819b33a521b27de: 0.711
    8084a5777a573d9428b356d85365b7fa: 0.38
    23b5dca7feeb8774e83107116146a2a9: 0.729
    6650c1b7d1f508e468e8bd8b7b3ed123: 0.159
    583e9378bc1734944b14c8f8c725d2ce: 0.208
    7dcdb378d5222e84a816f63717f79f65: 11.54
    a39c83b86a177e94c8780f73e2510e43: 0.699
    573e35b856d721c42ac3ef7eed066d1d: 0.723
    271a0f191afb16d4eb022b85600d0b66: -811
    24ea93b91e95f7947ac1ff3e2d2ad6b9: 0.522
    f4bfae0b0c60a0b41a059c0982e601bb: 0.655
    f0441beb871feba4ca63c5df8405966f: 135
    6e69db0cb9effc24fb93cd891a7fd050: -5634
    d883e65c9099a2044a60b994c198c61b: 51.5
    91a2f96cbf39bfb41b8f19114790f300: -80
    b26c647cd856d1f44a0cff2ae230f7f4: 0.746
    5ce4474d03f84b94b9e768c67e1d4aed: 0.616
    73d13d4dc074b96459609e711d4b6164: 3.53
    af55e48db7e2c8c478fbe588103c9dd8: 21.1
    b5befebe960e2ee44bc4822b217cbfe3: 76
    68bab37f9c3998146889d1a5ece382d9: 0.684
  m_TransitionOverrides: {}
--- !u!244 &1744347169962536286
AudioMixerEffectController:
  m_ObjectHideFlags: 3
  m_CorrespondingSourceObject: {fileID: 0}
  m_PrefabInstance: {fileID: 0}
  m_PrefabAsset: {fileID: 0}
  m_Name: 
  m_EffectID: bc734c43ee18035439d05c70cab8bae0
  m_EffectName: Attenuation
  m_MixLevel: fffd3b9996570474d847f3b1d0b25391
  m_Parameters: []
  m_SendTarget: {fileID: 0}
  m_EnableWetMix: 0
  m_Bypass: 0
--- !u!245 &2210343167196868139
AudioMixerSnapshotController:
  m_ObjectHideFlags: 0
  m_CorrespondingSourceObject: {fileID: 0}
  m_PrefabInstance: {fileID: 0}
  m_PrefabAsset: {fileID: 0}
  m_Name: Outside
  m_AudioMixer: {fileID: 24100000}
  m_SnapshotID: ea74873d7a673854cb623189449cb3b5
  m_FloatValues:
    59e81802aa4ce6141bde7cb1d07fbfcb: 0.387
    14ea8542e7a2b424581d76488749cee6: -0.427
    4f2f0e42de2f4cf4ea1cdd681f75693d: 11.13
    7a979592542f1504fb8624531ed7f96a: 0.465
    8a0003b2b02e43e45b442380ffe8eeb0: 0
    a86548430d18d2543a97f0c9c89115a1: 0.699
    c5e242149b828634292b72f193f38d55: 396
    e3c7c0154cf9bf042bd2427d99a583db: 0.97
    f79a32454e0eb15479f9deeb2cd056cb: 0.805
    fe28df468cce829429550d6a84682c61: 0.724
    65c92056af48c1943a5dd7ac0ee3fd43: 5.45
    910a09d6369feaf46819b33a521b27de: 0.711
    8084a5777a573d9428b356d85365b7fa: 0.38
    23b5dca7feeb8774e83107116146a2a9: 0.729
    6650c1b7d1f508e468e8bd8b7b3ed123: 0.159
    583e9378bc1734944b14c8f8c725d2ce: 0.208
    7dcdb378d5222e84a816f63717f79f65: 11.54
    a39c83b86a177e94c8780f73e2510e43: 0.699
    573e35b856d721c42ac3ef7eed066d1d: 0.723
    271a0f191afb16d4eb022b85600d0b66: -811
    24ea93b91e95f7947ac1ff3e2d2ad6b9: 0.522
    f4bfae0b0c60a0b41a059c0982e601bb: 0.655
    f0441beb871feba4ca63c5df8405966f: 135
    6e69db0cb9effc24fb93cd891a7fd050: -5634
    d883e65c9099a2044a60b994c198c61b: 51.5
    91a2f96cbf39bfb41b8f19114790f300: -17.938717
    b26c647cd856d1f44a0cff2ae230f7f4: 0.746
    5ce4474d03f84b94b9e768c67e1d4aed: 0.616
    73d13d4dc074b96459609e711d4b6164: 3.53
    af55e48db7e2c8c478fbe588103c9dd8: 21.1
    b5befebe960e2ee44bc4822b217cbfe3: 76
    68bab37f9c3998146889d1a5ece382d9: 0.684
  m_TransitionOverrides: {}
--- !u!245 &3466707248069470267
AudioMixerSnapshotController:
  m_ObjectHideFlags: 0
  m_CorrespondingSourceObject: {fileID: 0}
  m_PrefabInstance: {fileID: 0}
  m_PrefabAsset: {fileID: 0}
  m_Name: Close
  m_AudioMixer: {fileID: 24100000}
  m_SnapshotID: 3a79df8068b147247ab4d57092fb7a6d
  m_FloatValues:
    8a0003b2b02e43e45b442380ffe8eeb0: -80
    f79a32454e0eb15479f9deeb2cd056cb: 0.805
    fe28df468cce829429550d6a84682c61: 0.724
    65c92056af48c1943a5dd7ac0ee3fd43: 5.45
    910a09d6369feaf46819b33a521b27de: 0.711
    8084a5777a573d9428b356d85365b7fa: 0.38
    23b5dca7feeb8774e83107116146a2a9: 0.729
    6650c1b7d1f508e468e8bd8b7b3ed123: 0.159
    91a2f96cbf39bfb41b8f19114790f300: 0
    b5befebe960e2ee44bc4822b217cbfe3: 76
  m_TransitionOverrides: {}
--- !u!243 &5920819194863094397
AudioMixerGroupController:
  m_ObjectHideFlags: 0
  m_CorrespondingSourceObject: {fileID: 0}
  m_PrefabInstance: {fileID: 0}
  m_PrefabAsset: {fileID: 0}
  m_Name: Effect
  m_AudioMixer: {fileID: 24100000}
  m_GroupID: 87acd62ac22873343b11e561a683b221
  m_Children: []
  m_Volume: c7728cc0f3a6d6747849550174fdde4a
  m_Pitch: df10822e7290b4f4eade94be47175819
  m_Send: 00000000000000000000000000000000
  m_Effects:
  - {fileID: -4191370861174206006}
  m_UserColorIndex: 0
  m_Mute: 0
  m_Solo: 0
  m_BypassEffects: 0
--- !u!243 &8042784053186216479
AudioMixerGroupController:
  m_ObjectHideFlags: 0
  m_CorrespondingSourceObject: {fileID: 0}
  m_PrefabInstance: {fileID: 0}
  m_PrefabAsset: {fileID: 0}
  m_Name: Event
  m_AudioMixer: {fileID: 24100000}
  m_GroupID: 6699280e327d25745a626d2f3a229774
  m_Children: []
  m_Volume: 16bafe31a2d688b4d99cad17de3f351d
  m_Pitch: dc23b819e1ac6164ba5e49a635dafe9d
  m_Send: 00000000000000000000000000000000
  m_Effects:
  - {fileID: 8107199457291302070}
  m_UserColorIndex: 0
  m_Mute: 0
  m_Solo: 0
  m_BypassEffects: 0
--- !u!244 &8107199457291302070
AudioMixerEffectController:
  m_ObjectHideFlags: 3
  m_CorrespondingSourceObject: {fileID: 0}
  m_PrefabInstance: {fileID: 0}
  m_PrefabAsset: {fileID: 0}
  m_Name: 
  m_EffectID: 5bc3a0c6c99befb47b2dbfecd8d91b49
  m_EffectName: Attenuation
  m_MixLevel: e34bfde2e723ae247bf45c5a531afa88
  m_Parameters: []
  m_SendTarget: {fileID: 0}
  m_EnableWetMix: 0
  m_Bypass: 0
